<record xmlns="http://www.loc.gov/MARC21/slim" xmlns:xsi="http://www.w3.org/2001/XMLSchema-instance" xsi:schemaLocation="http://www.loc.gov/MARC21/slim http://www.loc.gov/standards/marcxml/schema/MARC21slim.xsd">

  <leader>01270nab a2200169   4500</leader>
  <controlfield tag="005">20160317163441.0</controlfield>
  <controlfield tag="008">150702b2001    cr f|||| |||| 00| 0 spa d</controlfield>
  <datafield ind1=" " ind2=" " tag="090">
    <subfield code="a">REVIS 06.02.01</subfield>
  </datafield>
  <datafield tag="100" ind2=" " ind1="1">
    <subfield code="9">257</subfield>
    <subfield code="a">Rojas Blanco, Lillyam</subfield>
  </datafield>
  <datafield tag="245" ind1="1" ind2="0">
    <subfield code="a">Tratamiento de los contenidos lingüísticos y gramaticales en los libros de texto de la serie: Hacia el Siglo XXI /</subfield>
    <subfield code="c">Lillyam Rojas Blanco</subfield>
  </datafield>
  <datafield tag="260" ind2=" " ind1=" ">
    <subfield code="a">San José, Costa Rica :</subfield>
    <subfield code="b">Editorial Universidad de Costa Rica,</subfield>
    <subfield code="c">2001</subfield>
  </datafield>
  <datafield tag="300" ind2=" " ind1=" ">
    <subfield code="a">páginas 87-100</subfield>
  </datafield>
  <datafield ind1=" " ind2=" " tag="520">
    <subfield code="a">Se centra en los libros de secundaria de la Serie: Hacia el siglo XXI, publicados por la Universidad de Costa Rica y el Ministerio de Educación Pública. Se analizan la presentación y desarrollo de los temas lingüísticos y gramaticales- español de Costa Rica, normas lingüísticas, ortografía, léxico, morfología, sintaxis-, la motivación del alumno y la alumna, la elaboración y presentación de las diversas prácticas y ejercicios. Se destaca que estos textos constituyen un aporte valioso y actualizado para la educación costarricense</subfield>
  </datafield>
  <datafield tag="650" ind2="4" ind1="1">
    <subfield code="9">1</subfield>
    <subfield code="a">EDUCACIÓN</subfield>
  </datafield>
  <datafield tag="773" ind1="0" ind2=" ">
    <subfield code="d">San José, Costa Rica : Editorial de la Universidad de Costa Rica, 1997-</subfield>
    <subfield code="o">R0189</subfield>
    <subfield code="t">EDUCACIÓN: Revista de la Universidad de Costa Rica</subfield>
    <subfield code="g">Vol.25, no.2  (2001)</subfield>
  </datafield>
  <datafield ind1=" " ind2=" " tag="942">
    <subfield code="2">z</subfield>
    <subfield code="c">10</subfield>
  </datafield>
  <datafield ind2=" " ind1=" " tag="999">
    <subfield code="c">2731</subfield>
    <subfield code="d">2731</subfield>
  </datafield>
</record>